
@thesis{chen2001hao,
    address     = {成都},
    author      = {陈念永},
    institution = {电子科技大学},
    pages       = {50-60},
    title       = {毫米波细胞生物效应及抗肿瘤研究},
    year        = {2001}
}

@digital{clerc2010discrete,
    author = {M. Clerc},
    date   = {July 16, 2010},
    title  = {Discrete particle swarm optimization: a fuzzy combinatorial box},
    type   = {EB/OL},
    url    = {http://clere.maurice.free.fr/pso/Fuzzy_Discrere_PSO/Fuzzy_DPSO.htm}
}

@techreport{feng997he,
    address     = {北京},
    author      = {冯西桥},
    date        = {1997-06-25},
    institution = {清华大学核能技术设计研究院},
    title       = {核反应堆压力容器的{LBB}分析}
}

@newspaper{gu2012lao,
    author  = {顾春},
    date    = {2012-03-31},
    journal = {人民日报},
    title   = {牢牢把握稳中求进的总基调}
}

@conference{liuxf2006,
    address   = {Chengdu},
    author    = {Liu, X F and Wang, Bing Zhong and Shao, Wei and Wen Wang},
    booktitle = {China-Japan Joint Microwave Conference Proceedings},
    pages     = {527-529},
    title     = {A marching-on-in-order scheme for exact attenuation constant extraction of lossy transmission lines},
    year      = {2006}
}

@article{wang1999sanwei,
    author  = {王浩刚 and 聂在平},
    journal = {电子学报},
    number  = {12},
    pages   = {68 -- 71},
    title   = {三维矢量散射积分方程中奇异性分析},
    volume  = {27},
    year    = {1999}
}

@patent{xiao2012yi,
    author = {肖珍新},
    date   = {2012-04-25},
    id     = {ZL201120085830.0},
    title  = {一种新型排渣阀调节降温装置},
    type   = {实用新型专利}
}

@standard{zhong1994zhong,
    address     = {北京},
    id          = {GB3100-3102},
    institution = {中华人民共和国国家技术监督局},
    publisher   = {中国标准出版社},
    title       = {中华人民共和国国家标准--量与单位},
    year        = {1994}
}

@book{zhu1973wulixue,
    address   = {北京},
    author    = {竺可桢},
    pages     = {56-60},
    publisher = {科学出版社},
    title     = {物理学},
    year      = {1973}
}
